<record><leader>00000cas a22000007a 4500</leader><controlfield tag="001">13001233</controlfield><controlfield tag="008">860110d19391945wvuwr ne      0    0eng d</controlfield><datafield ind1=" " ind2=" " tag="010"><subfield code="a">sn 86092011 </subfield></datafield><datafield ind1=" " ind2=" " tag="040"><subfield code="a">WVC</subfield><subfield code="b">eng</subfield><subfield code="c">WVC</subfield><subfield code="d">OCL</subfield><subfield code="d">OCLCQ</subfield></datafield><datafield ind1=" " ind2=" " tag="042"><subfield code="a">msc</subfield></datafield><datafield ind1="0" ind2=" " tag="130"><subfield code="a">Logan County news (Logan, W. Va.)</subfield></datafield><datafield ind1="1" ind2="4" tag="245"><subfield code="a">The Logan County news.</subfield></datafield><datafield ind1=" " ind2=" " tag="260"><subfield code="a">Logan, W. Va. :</subfield><subfield code="b">Logan News Pub. Co.</subfield></datafield><datafield ind1=" " ind2=" " tag="300"><subfield code="a">v.</subfield></datafield><datafield ind1=" " ind2=" " tag="310"><subfield code="a">Weekly</subfield></datafield><datafield ind1="1" ind2=" " tag="362"><subfield code="a">Began in 1939.</subfield><subfield code="z">Cf. bull., Oct. &amp; Nov., 1939.</subfield></datafield><datafield ind1="1" ind2=" " tag="362"><subfield code="a">Ceased in 1945?</subfield></datafield><datafield ind1=" " ind2=" " tag="500"><subfield code="a">Carl Auvil was the first business manager and Charles Hylton, circulation manager.</subfield></datafield><datafield ind1=" " ind2=" " tag="500"><subfield code="a">Editor: W. Howard Alley, 1939. Cf. Bulletin, Nov., 1939.</subfield></datafield><datafield ind1=" " ind2=" " tag="588"><subfield code="a">Description based on: Vol. 32, no. 34 (May 16, 1941)=w. no. 2450.</subfield></datafield><datafield ind1=" " ind2=" " tag="752"><subfield code="a">United States</subfield><subfield code="b">West Virginia</subfield><subfield code="c">Logan</subfield><subfield code="d">Logan.</subfield></datafield><datafield ind1="0" ind2="0" tag="780"><subfield code="t">Logan democrat (Logan, W. Va.)</subfield><subfield code="w">(DLC)sn 86092010</subfield></datafield><datafield ind1="0" ind2="0" tag="785"><subfield code="t">Logan news</subfield><subfield code="w">(DLC)sn 86092012</subfield></datafield><datafield ind1="1" ind2=" " tag="029"><subfield code="a">AU@</subfield><subfield code="b">000021635967</subfield></datafield></record>